@misc{knuthwebsite,
  author = {Donald E. Knuth},
  title = {Knuth: Computers and Typesetting},
  year = {2024}
}

@book{latexcompanion,
  author    = {Frank Mittelbach and Michel Goossens and Johannes Braams and David Carlisle and Chris Rowley},
  title     = {The LaTeX Companion},
  publisher = {Addison-Wesley Professional},
  year      = {2004},
  edition = {2}
}

@article{einstein,
  author  = {Albert Einstein},
  title   = {Does the Inertia of a Body Depend Upon Its Energy Content?},
  journal = {Ann Phys},
  volume  = {18},
  number  = {13},
  pages   = {639--641},
  year    = {1905}
}