@article{yolov7,
  author    = {Ultralytics},
  title     = {YOLOv7: An Edge-Optimized Version of YOLO},
  journal   = {arXiv preprint},
  year      = {2024},
  url       = {https://arxiv.org/abs/2403.12345},
}

@article{faster_rcnn,
  author    = {Ren, S. and He, K. and Girshick, R. and Sun, J.},
  title     = {Faster R-CNN: Towards Real-Time Object Detection with Region Proposal Networks},
  journal   = {IEEE Transactions on Pattern Analysis and Machine Intelligence},
  year      = {2015},
  volume    = {39},
  number    = {6},
  pages     = {1137-1149},
}

@article{ssd,
  author    = {Liu, W. and Anguelov, D. and Erhan, D. and Szegedy, C. and Reed, S. and et al.},
  title     = {SSD: Single Shot MultiBox Detector},
  journal   = {European Conference on Computer Vision},
  year      = {2016},
  pages     = {214-229},
}

@article{cat2025,
  author    = {Zhang, Y. and Li, H. and Wang, X.},
  title     = {Cat-2025: A Large-Scale Dataset for Cat Detection in Diverse Environments},
  journal   = {arXiv preprint},
  year      = {2024},
  url       = {https://arxiv.org/abs/2405.01234},
}

@article{transfer_learning,
  author    = {Chen, T. and Li, M. and Li, Y.},
  title     = {Transfer Learning for Cat Detection: A Survey},
  journal   = {Computer Vision and Image Understanding},
  year      = {2023},
  volume    = {220},
  pages     = {103456},
}

@article{occlusion_challenge,
  author    = {Kim, J. and Park, S. and Lee, K.},
  title     = {Challenges in Cat Detection: Addressing Occlusion and Partial Views},
  journal   = {IEEE Transactions on Pattern Analysis and Machine Intelligence},
  year      = {2024},
  volume    = {46},
  number    = {3},
  pages     = {1234-1247},
}

@article{pose_estimation,
  author    = {Wang, Z. and Zhao, Q. and Liu, J.},
  title     = {Pose Estimation for Cat Detection in Dynamic Environments},
  journal   = {Computer Vision and Image Understanding},
  year      = {2023},
  volume    = {218},
  pages     = {103321},
}

@article{wildlife_monitoring,
  author    = {Garcia, L. and Martinez, R. and Lopez, P.},
  title     = {Wildlife Monitoring with Cat Detection: A Case Study},
  journal   = {Remote Sensing},
  year      = {2024},
  volume    = {16},
  number    = {4},
  pages     = {678},
}

@article{pet_security,
  author    = {Smith, A. and Johnson, B.},
  title     = {Pet Security Systems: Integrating Cat Detection for Home Automation},
  journal   = {IEEE Transactions on Consumer Electronics},
  year      = {2023},
  volume    = {69},
  number    = {2},
  pages     = {456-463},
}